
@article{WMT,
    title   = {WMT14: Machine Translation Task},
    url = {http://www.statmt.org/wmt14/translation-task.html}
}

@article{GitHub,
    title   = {Seq2Seq NLU Assignment 2},
    url = {https://github.com/Aadesh-Magare/seq2seq_NLU}
}
@article{ufal,
    title   = {HindEnCorp: Hindi-English and Hindi-only corpus},
    url = {http://ufal.mff.cuni.cz/hindencorp}
}
@article{cs224n,
    title   = {CS224n: Natural Language Processing with Deep Learning},
    url = {http://web.stanford.edu/class/cs224n/}
}

@article{ACM:83,
	author = {Association for Computing Machinery},
	year = "1983",
	journal = {Computing Reviews},
	volume = "24",
	number = "11",
	pages = "503--512"
}
@inproceedings{andrew2007scalable,
  title={Scalable training of {L1}-regularized log-linear models},
  author={Andrew, Galen and Gao, Jianfeng},
  booktitle={Proceedings of the 24th International Conference on Machine Learning},
  pages={33--40},
  year={2007},
}